<record><leader>00000cas a2200000 a 4500</leader><controlfield tag="001">40337242</controlfield><controlfield tag="008">981117d18uu1954miuwr n       0    0eng c</controlfield><datafield ind1=" " ind2=" " tag="010"><subfield code="a">sn 98066976 </subfield></datafield><datafield ind1=" " ind2=" " tag="040"><subfield code="a">MHN</subfield><subfield code="b">eng</subfield><subfield code="c">MHN</subfield><subfield code="d">OCL</subfield><subfield code="d">OCLCQ</subfield><subfield code="d">OCLCO</subfield></datafield><datafield ind1="1" ind2=" " tag="029"><subfield code="a">AU@</subfield><subfield code="b">000014355980</subfield></datafield><datafield ind1=" " ind2=" " tag="042"><subfield code="a">pcc</subfield></datafield><datafield ind1=" " ind2=" " tag="043"><subfield code="a">n-us-mi</subfield></datafield><datafield ind1="0" ind2="0" tag="245"><subfield code="a">Grass Lake news.</subfield></datafield><datafield ind1=" " ind2=" " tag="260"><subfield code="a">Grass Lake, Mich. :</subfield><subfield code="b">John F. Lusk</subfield></datafield><datafield ind1=" " ind2=" " tag="300"><subfield code="a">v.</subfield></datafield><datafield ind1=" " ind2=" " tag="310"><subfield code="a">Weekly</subfield></datafield><datafield ind1="0" ind2=" " tag="362"><subfield code="a">-76th yr., no. 11 (Oct. 29, 1954).</subfield></datafield><datafield ind1=" " ind2=" " tag="500"><subfield code="a">Issues called: &lt;48th yr., no. 27 (Mar. 10, 1927)&gt;-</subfield></datafield><datafield ind1=" " ind2=" " tag="580"><subfield code="a">Merged with: Michigan Center news, to form: News (Grass Lake, Mich. : 1954).</subfield></datafield><datafield ind1=" " ind2=" " tag="588"><subfield code="a">Description based on: Vol. 4, no. 4 (Oct. 19, 1882).</subfield></datafield><datafield ind1=" " ind2="0" tag="651"><subfield code="a">Grass Lake (Mich.)</subfield><subfield code="v">Newspapers.</subfield></datafield><datafield ind1=" " ind2="0" tag="651"><subfield code="a">Jackson County (Mich.)</subfield><subfield code="v">Newspapers.</subfield></datafield><datafield ind1=" " ind2=" " tag="752"><subfield code="a">United States</subfield><subfield code="b">Michigan</subfield><subfield code="c">Jackson</subfield><subfield code="d">Grass Lake.</subfield></datafield><datafield ind1="1" ind2="7" tag="785"><subfield code="t">Michigan Center news</subfield><subfield code="w">(DLC)sn 98066952</subfield><subfield code="w">(OCoLC)40345252</subfield></datafield><datafield ind1="1" ind2="7" tag="785"><subfield code="t">News (Grass Lake, Mich. : 1954)</subfield><subfield code="w">(DLC)sn 98066953</subfield><subfield code="w">(OCoLC)40419314</subfield></datafield></record>